@article{Bachelier,
  author = {Bachelier, Louis},
  journal = {Annales Scientifiques de L'Ecole Normale
                 Sup\'erieure},
  pages = {21--88},
  title = {Th\'eorie de la Sp\'eculation},
  volume = 17,
  year = 1900
}

@article{Moi,
author = {Molling, Graziela and Klein, Amarolinda and Hoppen, Norberto and Rosa, Rafael},
year = {2020},
month = {12},
pages = {},
title = {Cryptocurrency: A Mine of Controversies},
volume = {17},
journal = {Journal of Information Systems and Technology Management},
doi = {10.4301/s1807-1775202017010}
}

@inproceedings{lstmvsgru,
 author = {Marcelo de Caux and Flavia Bernardini and Jose Viterbo},
 title = { Short-Term Forecasting in Bitcoin Time Series Using LSTM and GRU RNNs},
 booktitle = {Anais do VIII Symposium on Knowledge Discovery, Mining and Learning},
 year = {2020},
 issn = {2763-8944},
 pages = {97--104},
 publisher = {SBC},
 address = {Porto Alegre, RS, Brasil},
 doi = {10.5753/kdmile.2020.11964},
}

@inproceedings{Siami,
author = {Siami Namini, Sima and Tavakoli},
year = {2019},
month = {12},
pages = {3285-3292},
title = {The Performance of LSTM and BiLSTM in Forecasting Time Series},
doi = {10.1109/BigData47090.2019.9005997}
}

﻿@Article{Tri,
author={Tripathi, Bhaskar
and Sharma, Rakesh Kumar},
title={Modeling Bitcoin Prices using Signal Processing Methods, Bayesian Optimization, and Deep Neural Networks},
journal={Computational Economics},
year={2023},
day={01},
volume={62},
number={4},
pages={1919-1945},
issn={1572-9974},
doi={10.1007/s10614-022-10325-8},
}

@article{Fama1965,
  title={The Behavior of Stock-Market Prices},
  author={Eugene Fama},
  journal={The Journal of Business},
  year={1965},
  volume={38},
  pages={34},
}

@article{Fama,
author      = {Eugene Fama},
title       = {Random Walks in Stock Market Prices},
journal     = {Financial Analysts Journal},
volume      = {51},
number      = {1},
pages       = {75-80},
year        = {1995},
publisher   = {Routledge}
}

@article{Khan,
  title={ARIMA Model for Accurate Time Series Stocks Forecasting},
  author={Shakir Khan and Hela Alghulaiakh},
  journal={International Journal of Advanced Computer Science and Applications},
  year={2020},
  volume={11},
}

@INPROCEEDINGS{Ariyo,
  author={Ariyo, Adebiyi A. and Adewumi, Adewumi O. and Ayo, Charles K.},
  booktitle={2014 UKSim-AMSS 16th International Conference on Computer Modelling and Simulation}, 
  title={Stock Price Prediction Using the ARIMA Model}, 
  year={2014},
  pages={106-112},
  keywords={Predictive models;Indexes;Time series analysis;Forecasting;Data models;Computational modeling;Mathematical model;ARIMA model;Stock Price prediction;Stock market;Short-term prediction},
  doi={10.1109/UKSim.2014.67}}

  @article{Fer,
author = {Ferdiansyah, Ferdiansyah and Othman, Siti and Raja Mohd Radzi, Raja Zahilah and Stiawan, Deris and Sazaki, Yoppy and Ependi, Usman},
year = {2019},
month = {10},
pages = {206-210},
title = {A LSTM-Method for Bitcoin Price Prediction},
subtitle        = {A Case Study Yahoo Finance Stock Market},
Journal={2019 International Conference on Electrical Engineering and Computer Science (ICECOS)}, 
doi = {10.1109/ICECOS47637.2019.8984499}
}

@book{Good,
  author = {Goodfellow, Ian and Bengio, Yoshua and Courville, Aaron},
  publisher = {MIT Press},
  title = {Deep Learning},
  year = 2016
}

@techreport{Rosenblatt,
 author = {Rosenblatt, Frank},
 title = {The perceptron, a perceiving and recognizing automaton},
 address = {Ithaca, New York},
 institution = {Cornell Aeronautical Laboratory},
 number = {85-460-1},
 year = {1957},
}

@book{Minsky,
  added-at = {2008-05-16T13:57:01.000+0200},
  address = {Cambridge, MA, USA},
  author = {Minsky, Marvin and Papert, Seymour},
  publisher = {MIT Press},
  title = {Perceptrons: An Introduction to Computational Geometry},
  year = 1969
}

@book{Box,
title={Time series analysis; forecasting and control},
author={Box, George E. P and Jenkins, Gwilym M. (Gwilym Merion)},
year={1970},
publisher={Holden-Day}
}

﻿@Article{Rumelhart,
author={Rumelhart, David E.
and Hinton, Geoffrey E.
and Williams, Ronald J.},
title={Learning representations by back-propagating errors},
journal={Nature},
year={1986},
volume={323},
number={6088},
pages={533-536},
url={https://doi.org/10.1038/323533a0}
}


@article{Sousa,
author      = {Sousa, Ana and Calçada, Eva and Rodrigues, Paula and Borges, Ana},
year        = {2022},
month       = {05},
pages       = {374-390},
title       = {Cryptocurrency adoption: a systematic literature review and bibliometric analysis},
volume      = {17},
journal     = {EuroMed Journal of Business},
doi         = {10.1108/EMJB-01-2022-0003}
}

@book{pesquisa,
author = {Gerhardt, Tatiana and Silveira, Denise},
year = {2009},
edition = {1},
publisher = {UFRGS},
month = {01},
pages = {120},
title = {Métodos de pesquisa},
isbn = {9788538600718}
}

@article{Zhang,
title = {A survey of deep learning applications in cryptocurrency},
journal = {iScience},
volume = {27},
number = {1},
pages = {108509},
year = {2024},
issn = {2589-0042},
doi = {https://doi.org/10.1016/j.isci.2023.108509},
author = {Junhuan Zhang and Kewei Cai and Jiaqi Wen},
}

@misc{Nakamoto,
 author     = {Nakamoto, Satoshi},
  title     = {Bitcoin},
  subtitle  = {A Peer-to-Peer Electronic Cash System},
  year      = {2008},
  urlaccessdate = {2024-03-15},
  url       = {https://bitcoin.org/bitcoin.pdf}
}

@article{Courtault,
author = {Courtault, Jean-Michel and Kabanov, Yuri and Bru, Bernard and Crépel, Pierre and Lebon, Isabelle and Marchand, Arnaud},
year = {2000},
month = {07},
pages = {339-353},
title = {Louis Bachelier on the Centenary of "Théorie de la Spéculation"},
volume = {10},
journal = {Mathematical Finance},
doi = {10.1111/1467-9965.00098}
}

@Inbook{Arima,
author="Shumway, Robert H.
and Stoffer, David S.",
title="ARIMA Models",
bookTitle="Time Series Analysis and Its Applications: With R Examples",
year="2017",
publisher="Springer International Publishing",
address="Cham",
pages="75--163",
isbn="978-3-319-52452-8",
doi="10.1007/978-3-319-52452-8_3"
}

@Article{multilayer,
AUTHOR = {Abdolrasol, Maher G. M. and Hussain, S. M. Suhail and Ustun, Taha Selim and Sarker, Mahidur R. and Hannan, Mahammad A. and Mohamed, Ramizi and Ali, Jamal Abd and Mekhilef, Saad and Milad, Abdalrhman},
TITLE = {Artificial Neural Networks Based Optimization Techniques: A Review},
JOURNAL = {Electronics},
VOLUME = {10},
YEAR = {2021},
NUMBER = {21},
ARTICLE-NUMBER = {2689},
URL = {https://www.mdpi.com/2079-9292/10/21/2689},
ISSN = {2079-9292},
DOI = {10.3390/electronics10212689}
}

@book{graves,
  author = {Graves, Alex},
  isbn = {978-3-642-24796-5},
  pages = {1-131},
  publisher = {Springer},
  series = {Studies in Computational Intelligence},
  title = {Supervised Sequence Labelling with Recurrent Neural Networks},
  url = {http://dx.doi.org/10.1007/978-3-642-24797-2},
  volume = 385,
  year = 2012
}

@article{gru-image,
author = {Chen, Jing and Huang, Xinyu and Jiang, Hao and Miao, Xiren},
year = {2021},
month = {03},
pages = {2359},
title = {Low-Cost and Device-Free Human Activity Recognition Based on Hierarchical Learning Model},
volume = {21},
journal = {Sensors},
doi = {10.3390/s21072359}
}

@article{Yuan,
  author={Yuan, Yong and Wang, Fei-Yue},
  journal={IEEE Transactions on Systems, Man, and Cybernetics: Systems}, 
  title={Blockchain and Cryptocurrencies: Model, Techniques, and Applications}, 
  year={2018},
  volume={48},
  number={9},
  pages={1421-1428},
  doi={10.1109/TSMC.2018.2854904}}
